<collection xmlns="http://www.loc.gov/MARC21/slim">
<record>
  <leader>01719nam0a22003011i 450 </leader>
  <controlfield tag="001">IT\ICCU\CNCE\024636</controlfield>
  <controlfield tag="005">20200114000000.0</controlfield>
  <datafield tag="012" ind1=" " ind2=" ">
    <subfield code="a">tiri tata rera D&apos;Ab (3) 1552 (A)</subfield>
    <subfield code="2">fei</subfield>
  </datafield>
  <datafield tag="100" ind1=" " ind2=" ">
    <subfield code="a">19970910d1552        0itac0103    ba</subfield>
  </datafield>
  <datafield tag="101" ind1=" " ind2=" ">
    <subfield code="a">ITA</subfield>
  </datafield>
  <datafield tag="102" ind1=" " ind2=" ">
    <subfield code="a">IT</subfield>
  </datafield>
  <datafield tag="200" ind1="1" ind2=" ">
    <subfield code="a">Academia di enigmi in sonetti di madonna Daphne di Piazza a gli academici fiorentini suoi amanti. Cosa ingeniosa argutta et bella da eccitar gli acuti et eleuati ingegni, et di notabile piacere, non piu ueduta</subfield>
  </datafield>
  <datafield tag="210" ind1=" " ind2=" ">
    <subfield code="a">In Vinegia</subfield>
    <subfield code="c">appresso Stefano de Alessi</subfield>
    <subfield code="d">alla Libraria del Caualletto</subfield>
    <subfield code="d">in Calle della Bissa</subfield>
    <subfield code="d">1552</subfield>
    <subfield code="e">In Vinegia</subfield>
    <subfield code="g">appresso Stefano de Alessi</subfield>
    <subfield code="h">alla Libraria del Caualletto</subfield>
    <subfield code="h">in Calle della Bissa</subfield>
    <subfield code="h">1552</subfield>
  </datafield>
  <datafield tag="215" ind1=" " ind2=" ">
    <subfield code="a">23, \1! c.</subfield>
    <subfield code="d">8ʻ</subfield>
  </datafield>
  <datafield tag="620" ind1=" " ind2=" ">
    <subfield code="a">IT</subfield>
    <subfield code="d">Venezia</subfield>
  </datafield>
  <datafield tag="700" ind1=" " ind2="1">
    <subfield code="a">Piazza,</subfield>
    <subfield code="b">Dafne : di</subfield>
    <subfield code="3">IT\ICCU\CNCA\007204</subfield>
  </datafield>
  <datafield tag="712" ind1="0" ind2="0">
    <subfield code="a">Alessi, Stefano</subfield>
    <subfield code="3">IT\ICCU\CNCT\001260</subfield>
    <subfield code="4">650</subfield>
  </datafield>
  <datafield tag="790" ind1=" " ind2="0">
    <subfield code="a">Dafne</subfield>
    <subfield code="c"> : di#Piazza</subfield>
    <subfield code="3">IT\ICCU\CNCA\010146</subfield>
    <subfield code="z">Piazza, Dafne : di</subfield>
  </datafield>
  <datafield tag="790" ind1=" " ind2="1">
    <subfield code="a">Da_Piazza,</subfield>
    <subfield code="b">Dafne</subfield>
    <subfield code="3">IT\ICCU\CNCA\021910</subfield>
    <subfield code="z">Piazza, Dafne : di</subfield>
  </datafield>
  <datafield tag="791" ind1="0" ind2="0">
    <subfield code="a">Alesi, Stephano de</subfield>
    <subfield code="3">IT\ICCU\CNCT\004229</subfield>
    <subfield code="z">Alessi, Stefano</subfield>
  </datafield>
  <datafield tag="801" ind1=" " ind2="3">
    <subfield code="a">IT</subfield>
    <subfield code="b">ICCU</subfield>
    <subfield code="c">20201114</subfield>
  </datafield>
  <datafield tag="899" ind1=" " ind2=" ">
    <subfield code="a">Biblioteca Apostolica Vaticana. Citt ̉del Vaticano</subfield>
    <subfield code="1">EX0001</subfield>
    <subfield code="2">ZCV 01</subfield>
  </datafield>
  <datafield tag="899" ind1=" " ind2=" ">
    <subfield code="a">Biblioteca del Seminario Vescovile della Facolt ̉Teologica del Triveneto dell&apos;Istituto Filosofico Aloisianum. Padova</subfield>
    <subfield code="1">PD0073</subfield>
    <subfield code="2">PUV 01</subfield>
  </datafield>
  <datafield tag="899" ind1=" " ind2=" ">
    <subfield code="a">Biblioteca nazionale centrale. Roma</subfield>
    <subfield code="1">RM0267</subfield>
    <subfield code="2">BVE CR</subfield>
  </datafield>
  <datafield tag="899" ind1=" " ind2=" ">
    <subfield code="a">British Library. London</subfield>
    <subfield code="1">UK0001</subfield>
  </datafield>
  <datafield tag="899" ind1=" " ind2=" ">
    <subfield code="a">Biblioteca nazionale Marciana. Venezia</subfield>
    <subfield code="1">VE0049</subfield>
    <subfield code="2">VEA BM</subfield>
  </datafield>
  <datafield tag="911" ind1=" " ind2=" ">
    <subfield code="a">Sul front.</subfield>
    <subfield code="9">IT\ICCU\CNCM\000055</subfield>
  </datafield>
  <datafield tag="921" ind1=" " ind2=" ">
    <subfield code="a">IT\ICCU\CNCM\000055</subfield>
    <subfield code="b">Cavallo passante, paesaggio sullo sfondo.</subfield>
    <subfield code="c">Q27</subfield>
    <subfield code="c">V258</subfield>
    <subfield code="c">Z223</subfield>
    <subfield code="d">Dimensioni: 6,5 x 5</subfield>
    <subfield code="f">CAVALLO</subfield>
    <subfield code="f">PAESAGGIO</subfield>
    <subfield code="g">1551-1599</subfield>
  </datafield>
</record>
</collection>
